@misc{wiki/object-detection,
   author = "Wikipedia",
   title = "Object Detection",
   url = {https://en.wikipedia.org/wiki/Object_detection},
}

@article{arxiv/faster-rcnn,
   author = {Shaoqing Ren and Kaiming He and Ross Girshick and Jian Sun},
	title = {Faster R-CNN: Towards Real-Time Object Detection with Region Proposal Networks},
	date = {2015-06-04},
	eprinttype  = {arxiv},
	url = {https://arxiv.org/abs/1506.01497}
}

@article{arxiv/fast-rcnn,
  author      = {Ross Girshick},
  title       = {Fast R-CNN},
  date        = {2015-04-30},
  eprinttype  = {arxiv},
  url = {https://arxiv.org/abs/1504.08083}
}

@article{arxiv/rcnn,
  author      = {Ross Girshick},
  title       = {Rich feature hierarchies for accurate object detection and semantic segmentation},
  date        = {2013-11-11},
  eprinttype  = {arxiv},
  url = {https://arxiv.org/abs/1311.2524}
}

@article{arxiv/sppnet,
  author      = {Kaiming He and Xiangyu Zhang and Shaoqing Ren and Jian Sun},
  title       = {Spatial Pyramid Pooling in Deep Convolutional Networks for Visual Recognition},
  date        = {2014-06-18},
  eprinttype  = {arxiv},
  url = {https://arxiv.org/abs/1406.4729}
}

@article{arxiv/zfnet,
  author      = {Matthew Zeiler and Rob Fergus},
  title       = {Visualizing and Understanding Convolutional Networks},
  date        = {2013-11-12},
  eprinttype  = {arxiv},
  url = {https://arxiv.org/abs/1311.2901}
}

@article{arxiv/vgg16,
  author      = {Karen Simonyan and Andrew Zisserman},
  title       = {Very Deep Convolutional Networks for Large-Scale Image Recognition},
  date        = {2014-09-04},
  eprinttype  = {arxiv},
  url = {https://arxiv.org/abs/1409.1556}
}

@techreport{slides/faster-rcnn,
  author      = {Shaoqing Ren and Kaiming He and Ross Girshick and Jian Sun},
  title       = {Slides Faster R-CNN: Towards Real-Time Object Detection with Region Proposal Networks},
  date        = {2016-01-03},
  url = {https://www.slideshare.net/xavigiro/faster-rcnn-towards-realtime-object-detection-with-region-proposal-networks}
}

@techreport{slides/rcnn-serie,
  author      = {Ross Girshick},
  title       = {Slides Training R-CNNs of various velocities (slow, fast, and faster)},
  url = {https://www.dropbox.com/s/xtr4yd4i5e0vw8g/iccv15_tutorial_training_rbg.pdf?dl=0}
}

@techreport{slides/fast-rcnn,
  author      = {Ross Girshick},
  title       = {Slides Fast R-CNN},
  url = {http://www.robots.ox.ac.uk/~tvg/publications/talks/fast-rcnn-slides.pdf}
}

@misc{videos/faster-rcnn,
   author = {Ardian Uman},
   title = {Paper Review: Faster R-CNN for Real-time Object},
   url = {https://www.youtube.com/playlist?list=PLkRkKTC6HZMzp28TxR_fJYZ-K8Yu3EQw0},
}	





